[gd_scene load_steps=12 format=2]

[ext_resource path="res://addons/polymorph_toolbox/gradient_background/gradient_background.material" type="Material" id=1]
[ext_resource path="res://addons/polymorph_toolbox/gradient_background/gradient_background.gd" type="Script" id=2]
[ext_resource path="res://addons/polymorph_toolbox/gradient_background/enviroment_canvas.tres" type="Environment" id=3]
[ext_resource path="res://addons/polymorph_toolbox/gradient_background/gradient_background.shader" type="Shader" id=4]
[ext_resource path="res://addons/polymorph_toolbox/textures/blue_noise/256_256/HDR_RGB_1.png" type="Texture" id=5]
[ext_resource path="res://addons/polymorph_toolbox/gradient_background/cube.gd" type="Script" id=6]

[sub_resource type="ShaderMaterial" id=5]
shader = ExtResource( 4 )
shader_param/color_border = Color( 1, 0.541176, 0, 1 )
shader_param/color_center = Color( 1, 0.768627, 0, 1 )
shader_param/center = 0.571
shader_param/center_thickness = 0.0
shader_param/gradient = 0.8
shader_param/power = 1.32
shader_param/color_halo = Color( 0.72549, 0.14902, 0, 1 )
shader_param/halo_center = 0.5
shader_param/halo_size = 2.0
shader_param/halo_power = 9.194
shader_param/halo_stretch = 0.45
shader_param/halo_strength = 1.0
shader_param/noise_amount = 0.02
shader_param/uv_offset = Vector2( 0.0306589, 0.252246 )
shader_param/uv_scale = Vector2( 5, 5 )
shader_param/HALF_PI = 1.5708
shader_param/PI = 3.14159
shader_param/noise_texture = ExtResource( 5 )

[sub_resource type="ViewportTexture" id=1]
viewport_path = NodePath("vp")

[sub_resource type="ViewportTexture" id=4]
viewport_path = NodePath("vp2")

[sub_resource type="SpatialMaterial" id=2]
flags_transparent = true
flags_unshaded = true
params_blend_mode = 1
params_depth_draw_mode = 1
albedo_color = Color( 0, 1, 0.82, 0.08 )

[sub_resource type="ArrayMesh" id=3]
surfaces/0 = {
"aabb": AABB( -1, -1, -1, 2, 2, 2 ),
"array_data": PoolByteArray( 0, 0, 128, 191, 0, 0, 128, 191, 0, 0, 128, 191, 0, 0, 128, 63, 0, 0, 128, 191, 0, 0, 128, 191, 0, 0, 128, 63, 0, 0, 128, 191, 0, 0, 128, 63, 0, 0, 128, 191, 0, 0, 128, 191, 0, 0, 128, 63, 0, 0, 128, 191, 0, 0, 128, 63, 0, 0, 128, 191, 0, 0, 128, 63, 0, 0, 128, 63, 0, 0, 128, 191, 0, 0, 128, 63, 0, 0, 128, 63, 0, 0, 128, 63, 0, 0, 128, 191, 0, 0, 128, 63, 0, 0, 128, 63 ),
"array_index_data": PoolByteArray( 0, 0, 1, 0, 1, 0, 2, 0, 2, 0, 3, 0, 3, 0, 0, 0, 4, 0, 5, 0, 5, 0, 6, 0, 6, 0, 7, 0, 7, 0, 4, 0, 0, 0, 4, 0, 1, 0, 5, 0, 2, 0, 6, 0, 3, 0, 7, 0 ),
"blend_shape_data": [  ],
"format": 97537,
"index_count": 24,
"primitive": 1,
"skeleton_aabb": [  ],
"vertex_count": 8
}

[node name="n2d" type="Node2D"]

[node name="vp" type="Viewport" parent="."]
size = Vector2( 1000, 600 )
transparent_bg = true
msaa = 2
render_target_v_flip = true

[node name="bg" type="Polygon2D" parent="vp"]
material = ExtResource( 1 )
scale = Vector2( 1000, 600 )
z_index = -1
polygon = PoolVector2Array( 0, 0, 1, 0, 1, 1, 0, 1 )
uv = PoolVector2Array( 0, 0, 20, 0, 20, 20, 0, 20 )
script = ExtResource( 2 )
color_border = Color( 0.0823529, 0.152941, 0.176471, 1 )
color_center = Color( 0, 1, 0.976471, 1 )
color_halo = Color( 1, 0.945098, 0.643137, 1 )
center = 0.774
center_thickness = 0.008
gradient = 0.805
power = 0.282
halo_center = 0.304
halo_size = 0.964
halo_power = 11.163
halo_stretch = 0.651
uv_offset_range = 0.3

[node name="cam" type="Camera" parent="vp"]
transform = Transform( 1, 0, 0, 0, 1, 0, 0, 0, 1, 0, 0, 6.34673 )
environment = ExtResource( 3 )
current = true
fov = 35.0
far = 10000.0

[node name="vp2" type="Viewport" parent="."]
size = Vector2( 1000, 600 )
transparent_bg = true
msaa = 2
render_target_v_flip = true

[node name="bg" type="Polygon2D" parent="vp2"]
material = SubResource( 5 )
scale = Vector2( 1000, 600 )
z_index = -1
polygon = PoolVector2Array( 0, 0, 1, 0, 1, 1, 0, 1 )
uv = PoolVector2Array( 0, 0, 20, 0, 20, 20, 0, 20 )
script = ExtResource( 2 )
color_border = Color( 1, 0.541176, 0, 1 )
color_center = Color( 1, 0.768627, 0, 1 )
color_halo = Color( 0.72549, 0.14902, 0, 1 )
center = 0.571
gradient = 0.8
power = 1.32
halo_size = 2.0
halo_power = 9.194
halo_stretch = 0.45
uv_offset_range = 0.3

[node name="cam" type="Camera" parent="vp2"]
transform = Transform( 0.437262, 0, 0.899334, 0, 1, 0, -0.899334, 0, 0.437262, 3.70354, 0, 1.92921 )
environment = ExtResource( 3 )
current = true
fov = 35.0
far = 10000.0

[node name="display" type="Sprite" parent="."]
texture = SubResource( 1 )
centered = false

[node name="display2" type="Sprite" parent="."]
position = Vector2( 10, 0 )
texture = SubResource( 4 )
centered = false
offset = Vector2( 1000, 0 )

[node name="root_3d" type="Spatial" parent="."]

[node name="spot" type="SpotLight" parent="root_3d"]
transform = Transform( 0.74995, -0.526669, 0.400244, 0, 0.60506, 0.79618, -0.661495, -0.597095, 0.453765, 2.96128, 4.89262, 3.3609 )
shadow_enabled = true
spot_range = 15.367

[node name="cube" type="MeshInstance" parent="root_3d"]
editor/display_folded = true
transform = Transform( -1.09168, 0.128535, -0.0415067, -0.0227607, -0.50825, -0.975276, -0.133139, -0.967037, 0.507063, 0, 0, 0 )
material_override = SubResource( 2 )
mesh = SubResource( 3 )
material/0 = null
script = ExtResource( 6 )

[node name="cube" type="MeshInstance" parent="root_3d/cube"]
editor/display_folded = true
transform = Transform( 0.000181936, 1.19617, -0.0958597, -1.42842e-09, -0.0958597, -1.19617, -1.2, 0.000181355, -1.45322e-05, 0, 0, 0 )
material_override = SubResource( 2 )
mesh = SubResource( 3 )
material/0 = null
script = ExtResource( 6 )

[node name="cube" type="MeshInstance" parent="root_3d/cube/cube"]
editor/display_folded = true
transform = Transform( 0.720304, 1.07874, -0.0864496, 5.80296e-10, -0.103848, -1.29585, -1.0822, 0.718002, -0.0575401, 0, 0, 0 )
material_override = SubResource( 2 )
mesh = SubResource( 3 )
material/0 = null
script = ExtResource( 6 )

[node name="cube" type="MeshInstance" parent="root_3d/cube/cube/cube"]
editor/display_folded = true
transform = Transform( 1.3895, -0.170574, 0.0136696, 0, -0.111836, -1.39553, 0.171121, 1.38506, -0.110998, 0, 0, 0 )
material_override = SubResource( 2 )
mesh = SubResource( 3 )
material/0 = null
script = ExtResource( 6 )

[node name="cube" type="MeshInstance" parent="root_3d/cube/cube/cube/cube"]
editor/display_folded = true
transform = Transform( -0.546189, 0.834985, -0.066915, 1.19035e-09, -0.079883, -0.996804, -0.837662, -0.544443, 0.0436312, 0, 0, 0 )
material_override = SubResource( 2 )
mesh = SubResource( 3 )
material/0 = null
script = ExtResource( 6 )

[node name="cube" type="MeshInstance" parent="root_3d/cube/cube/cube/cube/cube"]
transform = Transform( 0.2316, 0.969708, -0.0776343, -2.17498e-06, -0.0798035, -0.99681, -0.972811, 0.230862, -0.0184804, 0, 0, 0 )
material_override = SubResource( 2 )
mesh = SubResource( 3 )
material/0 = null
script = ExtResource( 6 )

[node name="cube2" type="MeshInstance" parent="root_3d/cube/cube/cube/cube/cube"]
editor/display_folded = true
transform = Transform( 0.82309, 0.566108, -0.0452062, -9.607e-06, -0.0795871, -0.996828, -0.56791, 0.82048, -0.0655019, 0, 0, 0 )
material_override = SubResource( 2 )
mesh = SubResource( 3 )
material/0 = null
script = ExtResource( 6 )

[node name="cube3" type="MeshInstance" parent="root_3d/cube/cube/cube/cube/cube/cube2"]
transform = Transform( 0.0116661, 0.414758, -0.0332296, 1.86379e-05, -0.0332432, -0.414921, -0.416087, 0.0116274, -0.000950267, 0, 0, 0 )
material_override = SubResource( 2 )
mesh = SubResource( 3 )
material/0 = null
script = ExtResource( 6 )

[node name="cube2" type="MeshInstance" parent="root_3d/cube/cube/cube/cube"]
transform = Transform( -0.689132, 0.187285, -0.0150112, 2.1087e-05, -0.0569909, -0.712008, -0.187886, -0.686936, 0.0549784, 0, 0, 0 )
material_override = SubResource( 2 )
mesh = SubResource( 3 )
material/0 = null
script = ExtResource( 6 )

[node name="cube2" type="MeshInstance" parent="root_3d/cube/cube/cube"]
transform = Transform( -0.116536, 0.757916, -0.0608197, 2.73973e-05, -0.0615257, -0.766766, -0.760352, -0.116165, 0.00929399, 0, 0, 0 )
material_override = SubResource( 2 )
mesh = SubResource( 3 )
material/0 = null
script = ExtResource( 6 )

[node name="cube2" type="MeshInstance" parent="root_3d/cube/cube"]
transform = Transform( 0.377777, 0.74041, -0.0593504, 3.42117e-05, -0.0666029, -0.830667, -0.742784, 0.376567, -0.0302237, 0, 0, 0 )
material_override = SubResource( 2 )
mesh = SubResource( 3 )
material/0 = null
script = ExtResource( 6 )

[node name="env" type="WorldEnvironment" parent="."]
environment = ExtResource( 3 )

