[gd_scene load_steps=8 format=2]

[ext_resource path="res://addons/polymorph_toolbox/trails/ball.tres" type="ArrayMesh" id=1]
[ext_resource path="res://addons/polymorph_toolbox/trails/ball_animation.gd" type="Script" id=2]
[ext_resource path="res://addons/polymorph_toolbox/trails/trails.shader" type="Shader" id=3]

[sub_resource type="Environment" id=1]
background_mode = 1
fog_color = Color( 0, 0, 0, 1 )
fog_depth_begin = 6.0
fog_depth_end = 12.0

[sub_resource type="SpatialMaterial" id=2]
flags_unshaded = true
albedo_color = Color( 0.70436, 0.889775, 0.289286, 1 )

[sub_resource type="ShaderMaterial" id=4]
shader = ExtResource( 3 )

[sub_resource type="ViewportTexture" id=5]
viewport_path = NodePath("vpc/vp_0")

[node name="n2d" type="Node2D"]

[node name="vpc" type="ViewportContainer" parent="."]
margin_right = 800.0
margin_bottom = 600.0
stretch = true

[node name="vp_0" type="Viewport" parent="vpc"]
size = Vector2( 800, 600 )
transparent_bg = true
handle_input_locally = false
msaa = 2
render_target_update_mode = 3

[node name="cam" type="Camera" parent="vpc/vp_0"]
transform = Transform( 1, 0, 0, 0, 1, 0, 0, 0, 1, 0, 0, 6.02291 )
environment = SubResource( 1 )
current = true
fov = 35.0

[node name="ball" type="MeshInstance" parent="vpc/vp_0"]
transform = Transform( -1.1178, -0.74207, -1.83695, 1.28234, -1.87875, -0.0213613, -1.51019, -1.04603, 1.34153, 0, 0, 0 )
material_override = SubResource( 2 )
mesh = ExtResource( 1 )
material/0 = null
script = ExtResource( 2 )
rotx = 50.0
roty = 10.0
rotz = -6.0
rotr = 1.687
rotg = 0.954
rotb = 0.2
red_min = 0.43
green_min = 0.446
blue_min = 0.132
blue_max = 0.38
scale_max = 2.5
scale_freq = 0.6

[node name="vpc_final" type="ViewportContainer" parent="."]
margin_left = 800.0
margin_right = 1600.0
margin_bottom = 600.0
stretch = true

[node name="vpc" type="Viewport" parent="vpc_final"]
size = Vector2( 800, 600 )
handle_input_locally = false
msaa = 2
usage = 0
render_target_clear_mode = 2
render_target_update_mode = 3

[node name="sprite" type="Sprite" parent="vpc_final/vpc"]
material = SubResource( 4 )
texture = SubResource( 5 )
centered = false
flip_h = true

[node name="info" type="Label" parent="."]
anchor_right = 1.0
margin_left = 5.0
margin_top = 605.0
margin_right = 737.0
margin_bottom = 639.0
text = "trail effect: 3d rendering is done in vpc, and a shader is applied on the generated textuyre in vpc_final"

